<?xml version="1.0" encoding="UTF-8"?><collection xmlns="http://www.loc.gov/MARC21/slim"><record><leader>00300nam--2200121-i-4500</leader><controlfield tag="001">000041943</controlfield><controlfield tag="002">20161230</controlfield><controlfield tag="005">20161230201043</controlfield><controlfield tag="008">060222s1000------------r-----000-0-eng-d</controlfield><datafield ind1=" " ind2=" " tag="100"><subfield code="a">Smit,W.M</subfield></datafield><datafield ind1=" " ind2=" " tag="245"><subfield code="a">Purity control by thermal analysis</subfield></datafield><datafield ind1=" " ind2=" " tag="260"><subfield code="a">Amsterdam, Elsevier, 1957. Xii+182 P</subfield></datafield><datafield ind1=" " ind2=" " tag="852"><subfield code="a">13672</subfield></datafield></record></collection>